@article{charles2010,
  title={Meiotic chromosome segregation in triploid strains of Saccharomyces cerevisiae},
  author={Charles, Jordan St and Hamilton, Monica L and Petes, Thomas D},
  journal={Genetics},
  volume={186},
  number={2},
  pages={537--550},
  year={2010},
  publisher={Oxford University Press}
}

@article{ramsey1998,
  title={Pathways, mechanisms, and rates of polyploid formation in flowering plants},
  author={Ramsey, Justin and Schemske, Douglas W},
  journal={Annual review of ecology and systematics},
  pages={467--501},
  year={1998},
  publisher={JSTOR}
}

@article{barton2017,
  title={The infinitesimal model: Definition, derivation, and implications},
  author={Barton, Nicholas H and Etheridge, Alison M and V{\'e}ber, Amandine},
  journal={Theoretical population biology},
  volume={118},
  pages={50--73},
  year={2017},
  publisher={Elsevier}
}

@book{lw1,
  title={Genetics and analysis of quantitative traits},
  author={Lynch, Michael and Walsh, Bruce},
  volume={1},
  year={1998},
  publisher={Sinauer Sunderland, MA}
}

